@misc{thakur2022simplisticcosteffectivedesignrealworld,
      title={A Simplistic and Cost-Effective Design for Real-World Development of an Ambient Assisted Living System for Fall Detection and Indoor Localization: Proof of Concept}, 
      author={Nirmalya Thakur and Chia Y. Han},
      year={2022},
      eprint={2207.11623},
      archivePrefix={arXiv},
      primaryClass={cs.HC},
      url={https://arxiv.org/abs/2207.11623}, 
}

@misc{worldhealthorganization, title={World Health Organization. Falls. https : / / www . who . int / news - room / fact - sheets
/detail/falls. Accessed: November 27, 2024. 2021.}, author={World Health Organization}}